<record><leader>00000cas a2200000 a 4500</leader><controlfield tag="001">30721613</controlfield><controlfield tag="008">940707c19729999oruwr ne      0    0eng c</controlfield><datafield ind1=" " ind2=" " tag="010"><subfield code="a">sn 96088264 </subfield></datafield><datafield ind1=" " ind2=" " tag="040"><subfield code="a">ORY</subfield><subfield code="b">eng</subfield><subfield code="c">ORY</subfield><subfield code="d">OCN</subfield><subfield code="d">OCLCQ</subfield><subfield code="d">OCLCF</subfield><subfield code="d">OCLCO</subfield></datafield><datafield ind1="1" ind2=" " tag="029"><subfield code="a">AU@</subfield><subfield code="b">000025922582</subfield></datafield><datafield ind1=" " ind2=" " tag="037"><subfield code="b">741 W. Main, P.O. Box 69, John Day, OR 97845</subfield></datafield><datafield ind1=" " ind2=" " tag="042"><subfield code="a">pcc</subfield></datafield><datafield ind1=" " ind2=" " tag="043"><subfield code="a">n-us-or</subfield></datafield><datafield ind1="0" ind2="4" tag="245"><subfield code="a">The Blue Mountain eagle.</subfield></datafield><datafield ind1=" " ind2=" " tag="260"><subfield code="a">John Day, Or. :</subfield><subfield code="b">Grant County Blue Mountain Eagle Co.,</subfield><subfield code="c">1972-</subfield></datafield><datafield ind1=" " ind2=" " tag="300"><subfield code="a">v.</subfield></datafield><datafield ind1=" " ind2=" " tag="310"><subfield code="a">Weekly</subfield></datafield><datafield ind1="0" ind2=" " tag="362"><subfield code="a">Vol. 104, no. 29 (July 20, 1972)-</subfield></datafield><datafield ind1=" " ind2=" " tag="588"><subfield code="a">Latest issue consulted: 125th year, no. 14 (Apr. 8, 1993).</subfield></datafield><datafield ind1=" " ind2="0" tag="651"><subfield code="a">John Day (Or.)</subfield><subfield code="v">Newspapers.</subfield></datafield><datafield ind1=" " ind2="0" tag="651"><subfield code="a">Grant County (Or.)</subfield><subfield code="v">Newspapers.</subfield></datafield><datafield ind1=" " ind2="7" tag="655"><subfield code="a">Newspapers.</subfield><subfield code="2">fast</subfield><subfield code="0">(OCoLC)fst01423814</subfield></datafield><datafield ind1=" " ind2="7" tag="651"><subfield code="a">Oregon</subfield><subfield code="z">Grant County.</subfield><subfield code="2">fast</subfield><subfield code="0">(OCoLC)fst01208895</subfield></datafield><datafield ind1=" " ind2="7" tag="651"><subfield code="a">Oregon</subfield><subfield code="z">John Day.</subfield><subfield code="2">fast</subfield><subfield code="0">(OCoLC)fst01207758</subfield></datafield><datafield ind1=" " ind2=" " tag="752"><subfield code="a">United States</subfield><subfield code="b">Oregon</subfield><subfield code="c">Grant</subfield><subfield code="d">John Day.</subfield></datafield><datafield ind1="0" ind2="0" tag="780"><subfield code="t">Grant County Blue Mountain eagle</subfield><subfield code="w">(DLC)sn 96088263</subfield></datafield></record>